@inproceedings{10.1007/978-3-030-33229-7_21,
  author    = {Beltr{\'a}n-Garc{\'i}a, Pamela
               and Aguirre-Anaya, Eleazar
               and Escamilla-Ambrosio, Ponciano Jorge
               and Acosta-Bermejo, Ra{\'u}l},
  editor    = {Mata-Rivera, Miguel Felix
               and Zagal-Flores, Roberto
               and Barr{\'i}a-Huidobro, Cristian},
  title     = {IoT Botnets},
  booktitle = {Telematics and Computing},
  year      = {2019},
  publisher = {Springer International Publishing},
  address   = {Cham},
  pages     = {247--257},
  isbn      = {978-3-030-33229-7}
}

@inproceedings{10.1007/978-3-031-14841-5_27,
  author    = {Lysenko, Sergii
               and Bobrovnikova, Kira
               and Gaj, Piotr
               and Savenko, Oleg},
  editor    = {Ignatenko, Oleksii
               and Kharchenko, Vyacheslav
               and Kobets, Vitaliy
               and Kravtsov, Hennadiy
               and Tarasich, Yulia
               and Ermolayev, Vadim
               and Esteban, David
               and Yakovyna, Vitaliy
               and Spivakovsky, Aleksander},
  title     = {DNS-Based Fast-Flux Botnet Detection Approach},
  booktitle = {ICTERI 2021 Workshops},
  year      = {2022},
  publisher = {Springer International Publishing},
  address   = {Cham},
  pages     = {410--424},
  isbn      = {978-3-031-14841-5}
}

@inproceedings{8524529,
  author    = {Dhayal, Himanshi and Kumar, Jitender},
  booktitle = {2018 International Conference on Communication and Signal Processing (ICCSP)},
  title     = {Botnet and P2P Botnet Detection Strategies: A Review},
  year      = {2018},
  volume    = {},
  number    = {},
  pages     = {1077-1082},
  doi       = {10.1109/ICCSP.2018.8524529}
}

@article{barazi_2014,
  author  = {Barazi, Jihan and Jakalan, Ahmad and Wang, XiaoWei},
  year    = {2014},
  month   = {04},
  pages   = {61-64},
  title   = {Botnet Detection Techniques},
  volume  = {4},
  journal = {International Journal of Computer Science and Communication Security (IJCSCS)}
}

@inproceedings{DBLP:conf/colcom/WangSZLGD22,
  author    = {Binglai Wang and
               Yafei Sang and
               Yongzheng Zhang and
               Shuhao Li and
               Ruihai Ge and
               Yong Ding},
  editor    = {Honghao Gao and
               Xinheng Wang and
               Wei Wei and
               Tasos Dagiuklas},
  title     = {A Longitudinal Measurement and Analysis of Pink, a Hybrid {P2P} IoT
               Botnet},
  booktitle = {Collaborative Computing: Networking, Applications and Worksharing
               - 18th {EAI} International Conference, CollaborateCom 2022, Hangzhou,
               China, October 15-16, 2022, Proceedings, Part {II}},
  series    = {Lecture Notes of the Institute for Computer Sciences, Social Informatics
               and Telecommunications Engineering},
  volume    = {461},
  pages     = {419--436},
  publisher = {Springer},
  year      = {2022},
  url       = {https://doi.org/10.1007/978-3-031-24386-8\_23},
  doi       = {10.1007/978-3-031-24386-8\_23},
  timestamp = {Fri, 28 Jul 2023 14:31:23 +0200},
  biburl    = {https://dblp.org/rec/conf/colcom/WangSZLGD22.bib},
  bibsource = {dblp computer science bibliography, https://dblp.org}
}

@inproceedings{DBLP:conf/csndsp/McNultyV22,
  author    = {Leona McNulty and
               Vassilios G. Vassilakis},
  title     = {IoT Botnets: Characteristics, Exploits, Attack Capabilities, and Targets},
  booktitle = {13th International Symposium on Communication Systems, Networks and
               Digital Signal Processing, {CSNDSP} 2022, Porto, Portugal, July 20-22,
               2022},
  pages     = {350--355},
  publisher = {{IEEE}},
  year      = {2022},
  url       = {https://doi.org/10.1109/CSNDSP54353.2022.9908039},
  doi       = {10.1109/CSNDSP54353.2022.9908039},
  timestamp = {Tue, 11 Oct 2022 09:57:50 +0200},
  biburl    = {https://dblp.org/rec/conf/csndsp/McNultyV22.bib},
  bibsource = {dblp computer science bibliography, https://dblp.org}
}

@inproceedings{DBLP:conf/icccn/Sidhu17,
  author    = {Jagdeep Sidhu},
  title     = {Syscoin: {A} Peer-to-Peer Electronic Cash System with Blockchain-Based
               Services for E-Business},
  booktitle = {26th International Conference on Computer Communication and Networks,
               {ICCCN} 2017, Vancouver, BC, Canada, July 31 - Aug. 3, 2017},
  pages     = {1--6},
  publisher = {{IEEE}},
  year      = {2017},
  url       = {https://doi.org/10.1109/ICCCN.2017.8038518},
  doi       = {10.1109/ICCCN.2017.8038518},
  timestamp = {Tue, 16 Aug 2022 23:04:34 +0200},
  biburl    = {https://dblp.org/rec/conf/icccn/Sidhu17.bib},
  bibsource = {dblp computer science bibliography, https://dblp.org}
}

@inproceedings{DBLP:conf/icissp/Guerra-Manzanares20,
  author    = {Alejandro Guerra{-}Manzanares and
               Jorge Medina{-}Galindo and
               Hayretdin Bahsi and
               Sven N{\~{o}}mm},
  editor    = {Steven Furnell and
               Paolo Mori and
               Edgar R. Weippl and
               Olivier Camp},
  title     = {MedBIoT: Generation of an IoT Botnet Dataset in a Medium-sized IoT
               Network},
  booktitle = {Proceedings of the 6th International Conference on Information Systems
               Security and Privacy, {ICISSP} 2020, Valletta, Malta, February 25-27,
               2020},
  pages     = {207--218},
  publisher = {{SCITEPRESS}},
  year      = {2020},
  url       = {https://doi.org/10.5220/0009187802070218},
  doi       = {10.5220/0009187802070218},
  timestamp = {Fri, 09 Apr 2021 18:49:34 +0200},
  biburl    = {https://dblp.org/rec/conf/icissp/Guerra-Manzanares20.bib},
  bibsource = {dblp computer science bibliography, https://dblp.org}
}

@inproceedings{DBLP:conf/icmla/NommB18,
  author    = {Sven Nomm and
               Hayretdin Bahsi},
  editor    = {M. Arif Wani and
               Mehmed M. Kantardzic and
               Moamar Sayed Mouchaweh and
               Jo{\~{a}}o Gama and
               Edwin Lughofer},
  title     = {Unsupervised Anomaly Based Botnet Detection in IoT Networks},
  booktitle = {17th {IEEE} International Conference on Machine Learning and Applications,
               {ICMLA} 2018, Orlando, FL, USA, December 17-20, 2018},
  pages     = {1048--1053},
  publisher = {{IEEE}},
  year      = {2018},
  url       = {https://doi.org/10.1109/ICMLA.2018.00171},
  doi       = {10.1109/ICMLA.2018.00171},
  timestamp = {Fri, 09 Apr 2021 18:38:11 +0200},
  biburl    = {https://dblp.org/rec/conf/icmla/NommB18.bib},
  bibsource = {dblp computer science bibliography, https://dblp.org}
}

@inproceedings{DBLP:conf/msr/KalliamvakouGBSGD14,
  author    = {Eirini Kalliamvakou and
               Georgios Gousios and
               Kelly Blincoe and
               Leif Singer and
               Daniel M. Germ{\'{a}}n and
               Daniela E. Damian},
  editor    = {Premkumar T. Devanbu and
               Sung Kim and
               Martin Pinzger},
  title     = {The promises and perils of mining GitHub},
  booktitle = {11th Working Conference on Mining Software Repositories, {MSR} 2014,
               Proceedings, May 31 - June 1, 2014, Hyderabad, India},
  pages     = {92--101},
  publisher = {{ACM}},
  year      = {2014},
  url       = {https://doi.org/10.1145/2597073.2597074},
  doi       = {10.1145/2597073.2597074},
  timestamp = {Wed, 14 Nov 2018 10:57:56 +0100},
  biburl    = {https://dblp.org/rec/conf/msr/KalliamvakouGBSGD14.bib},
  bibsource = {dblp computer science bibliography, https://dblp.org}
}

@inproceedings{DBLP:conf/pst/SaadTGSZLFH11,
  author    = {Sherif Saad and
               Issa Traor{\'{e}} and
               Ali A. Ghorbani and
               Bassam Sayed and@incollection{SANDERS2014317,
title = {Chapter 12 - Using Canary Honeypots for Detection},
editor = {Chris Sanders and Jason Smith},
booktitle = {Applied Network Security Monitoring},
publisher = {Syngress},
address = {Boston},
pages = {317-338},
year = {2014},
isbn = {978-0-12-417208-1},
doi = {https://doi.org/10.1016/B978-0-12-417208-1.00012-X},
url = {https://www.sciencedirect.com/science/article/pii/B978012417208100012X},
author = {Chris Sanders and Jason Smith},
keywords = {Network Security Monitoring, Detection, Intrusion Detection System, IDS, NIDS, Detection, Honeypot, Kippo, Honeydoc, Honeyd, Tomâ€™s Honeypot, LaBrea}
}
               David Zhao and
               Wei Lu and
               John Felix and
               Payman Hakimian},
  title     = {Detecting {P2P} botnets through network behavior analysis and machine
               learning},
  booktitle = {Ninth Annual Conference on Privacy, Security and Trust, {PST} 2011,
               19-21 July, 2011, Montreal, Qu{\'{e}}bec, Canada},
  pages     = {174--180},
  publisher = {{IEEE}},
  year      = {2011},
  url       = {https://doi.org/10.1109/PST.2011.5971980},
  doi       = {10.1109/PST.2011.5971980},
  timestamp = {Sun, 02 Oct 2022 16:13:55 +0200},
  biburl    = {https://dblp.org/rec/conf/pst/SaadTGSZLFH11.bib},
  bibsource = {dblp computer science bibliography, https://dblp.org}
}

@inproceedings{DBLP:conf/uss/AntonakakisABBB17,
  author    = {Manos Antonakakis and
               Tim April and
               Michael Bailey and
               Matt Bernhard and
               Elie Bursztein and
               Jaime Cochran and
               Zakir Durumeric and
               J. Alex Halderman and
               Luca Invernizzi and
               Michalis Kallitsis and
               Deepak Kumar and
               Chaz Lever and
               Zane Ma and
               Joshua Mason and
               Damian Menscher and
               Chad Seaman and
               Nick Sullivan and
               Kurt Thomas and
               Yi Zhou},
  editor    = {Engin Kirda and
               Thomas Ristenpart},
  title     = {Understanding the Mirai Botnet},
  booktitle = {26th {USENIX} Security Symposium, {USENIX} Security 2017, Vancouver,
               BC, Canada, August 16-18, 2017},
  pages     = {1093--1110},
  publisher = {{USENIX} Association},
  year      = {2017},
  url       = {https://www.usenix.org/conference/usenixsecurity17/technical-sessions/presentation/antonakakis},
  timestamp = {Thu, 22 Sep 2022 08:31:32 +0200},
  biburl    = {https://dblp.org/rec/conf/uss/AntonakakisABBB17.bib},
  bibsource = {dblp computer science bibliography, https://dblp.org}
}

@inproceedings{DBLP:conf/www/ThomasM14,
  author    = {Matthew Thomas and
               Aziz Mohaisen},
  editor    = {Chin{-}Wan Chung and
               Andrei Z. Broder and
               Kyuseok Shim and
               Torsten Suel},
  title     = {Kindred domains: detecting and clustering botnet domains using {DNS}
               traffic},
  booktitle = {23rd International World Wide Web Conference, {WWW} '14, Seoul, Republic
               of Korea, April 7-11, 2014, Companion Volume},
  pages     = {707--712},
  publisher = {{ACM}},
  year      = {2014},
  url       = {https://doi.org/10.1145/2567948.2579359},
  doi       = {10.1145/2567948.2579359},
  timestamp = {Tue, 06 Nov 2018 16:57:08 +0100},
  biburl    = {https://dblp.org/rec/conf/www/ThomasM14.bib},
  bibsource = {dblp computer science bibliography, https://dblp.org}
}

@article{DBLP:journals/compsec/GarciaGSZ14,
  author    = {Sebasti{\'{a}}n Garc{\'{\i}}a and
               Martin Grill and
               Jan Stiborek and
               Alejandro Zunino},
  title     = {An empirical comparison of botnet detection methods},
  journal   = {Comput. Secur.},
  volume    = {45},
  pages     = {100--123},
  year      = {2014},
  url       = {https://doi.org/10.1016/j.cose.2014.05.011},
  doi       = {10.1016/j.cose.2014.05.011},
  timestamp = {Thu, 20 Feb 2020 13:19:30 +0100},
  biburl    = {https://dblp.org/rec/journals/compsec/GarciaGSZ14.bib},
  bibsource = {dblp computer science bibliography, https://dblp.org}
}

@article{DBLP:journals/computer/KoliasKSV17,
  author    = {Constantinos Kolias and
               Georgios Kambourakis and
               Angelos Stavrou and
               Jeffrey M. Voas},
  title     = {DDoS in the IoT: Mirai and Other Botnets},
  journal   = {Computer},
  volume    = {50},
  number    = {7},
  pages     = {80--84},
  year      = {2017},
  url       = {https://doi.org/10.1109/MC.2017.201},
  doi       = {10.1109/MC.2017.201},
  timestamp = {Tue, 29 Dec 2020 18:15:24 +0100},
  biburl    = {https://dblp.org/rec/journals/computer/KoliasKSV17.bib},
  bibsource = {dblp computer science bibliography, https://dblp.org}
}

@article{DBLP:journals/corr/abs-1905-01027,
  author     = {Dominik Breitenbacher and
                Ivan Homoliak and
                Yan Lin Aung and
                Nils Ole Tippenhauer and
                Yuval Elovici},
  title      = {HADES-IoT: {A} Practical Host-Based Anomaly Detection System for IoT
                Devices (Extended Version)},
  journal    = {CoRR},
  volume     = {abs/1905.01027},
  year       = {2019},
  url        = {http://arxiv.org/abs/1905.01027},
  eprinttype = {arXiv},
  eprint     = {1905.01027},
  timestamp  = {Mon, 27 May 2019 13:15:00 +0200},
  biburl     = {https://dblp.org/rec/journals/corr/abs-1905-01027.bib},
  bibsource  = {dblp computer science bibliography, https://dblp.org}
}

@article{DBLP:journals/corr/abs-1906-09715,
  author     = {Ayush Kumar and
                Teng Joon Lim},
  title      = {{EDIMA:} Early Detection of IoT Malware Network Activity Using Machine
                Learning Techniques},
  journal    = {CoRR},
  volume     = {abs/1906.09715},
  year       = {2019},
  url        = {http://arxiv.org/abs/1906.09715},
  eprinttype = {arXiv},
  eprint     = {1906.09715},
  timestamp  = {Thu, 27 Jun 2019 18:54:51 +0200},
  biburl     = {https://dblp.org/rec/journals/corr/abs-1906-09715.bib},
  bibsource  = {dblp computer science bibliography, https://dblp.org}
}

@article{DBLP:journals/corr/abs-2012-11325,
  author     = {MohammadNoor Injadat and
                Abdallah Moubayed and
                Abdallah Shami},
  title      = {Detecting Botnet Attacks in IoT Environments: An Optimized Machine
                Learning Approach},
  journal    = {CoRR},
  volume     = {abs/2012.11325},
  year       = {2020},
  url        = {https://arxiv.org/abs/2012.11325},
  eprinttype = {arXiv},
  eprint     = {2012.11325},
  timestamp  = {Mon, 04 Jan 2021 16:33:46 +0100},
  biburl     = {https://dblp.org/rec/journals/corr/abs-2012-11325.bib},
  bibsource  = {dblp computer science bibliography, https://dblp.org}
}

@article{DBLP:journals/corr/abs-2207-12937,
  author     = {Khoh Choon Hwa and
                Selvakumar Manickam and
                Mahmood A. Al{-}Shareeda},
  title      = {Review of Peer-to-Peer Botnets and Detection Mechanisms},
  journal    = {CoRR},
  volume     = {abs/2207.12937},
  year       = {2022},
  url        = {https://doi.org/10.48550/arXiv.2207.12937},
  doi        = {10.48550/arXiv.2207.12937},
  eprinttype = {arXiv},
  eprint     = {2207.12937},
  timestamp  = {Mon, 01 Aug 2022 16:59:42 +0200},
  biburl     = {https://dblp.org/rec/journals/corr/abs-2207-12937.bib},
  bibsource  = {dblp computer science bibliography, https://dblp.org}
}

@article{DBLP:journals/corr/cs-CR-0406052,
  author    = {Maximillian Dornseif and
               Thorsten Holz and
               Christian N. Klein},
  title     = {NoSEBrEaK - Attacking Honeynets},
  journal   = {CoRR},
  volume    = {cs.CR/0406052},@incollection{SANDERS2014317,
title = {Chapter 12 - Using Canary Honeypots for Detection},
editor = {Chris Sanders and Jason Smith},
booktitle = {Applied Network Security Monitoring},
publisher = {Syngress},
address = {Boston},
pages = {317-338},
year = {2014},
isbn = {978-0-12-417208-1},
doi = {https://doi.org/10.1016/B978-0-12-417208-1.00012-X},
url = {https://www.sciencedirect.com/science/article/pii/B978012417208100012X},
author = {Chris Sanders and Jason Smith},
keywords = {Network Security Monitoring, Detection, Intrusion Detection System, IDS, NIDS, Detection, Honeypot, Kippo, Honeydoc, Honeyd, Tomâ€™s Honeypot, LaBrea}
}
  year      = {2004},
  url       = {http://arxiv.org/abs/cs/0406052},
  timestamp = {Fri, 10 Jan 2020 12:59:30 +0100},
  biburl    = {https://dblp.org/rec/journals/corr/cs-CR-0406052.bib},
  bibsource = {dblp computer science bibliography, https://dblp.org}
}

@article{DBLP:journals/ett/SpauldingPKNM19,
  author    = {Jeffrey Spaulding and
               Jeman Park and
               Joongheon Kim and
               DaeHun Nyang and
               Aziz Mohaisen},
  title     = {Thriving on chaos: Proactive detection of command and control domains
               in internet of things-scale botnets using {DRIFT}},
  journal   = {Trans. Emerg. Telecommun. Technol.},
  volume    = {30},
  number    = {4},
  year      = {2019},
  url       = {https://doi.org/10.1002/ett.3505},
  doi       = {10.1002/ett.3505},
  timestamp = {Wed, 04 Mar 2020 14:22:49 +0100},
  biburl    = {https://dblp.org/rec/journals/ett/SpauldingPKNM19.bib},
  bibsource = {dblp computer science bibliography, https://dblp.org}
}

@article{DBLP:journals/peerj-cs/Al-mashhadiAHA21,
  author    = {Saif Al{-}mashhadi and
               Mohammed Anbar and
               Iznan Husainy Hasbullah and
               Taief Alaa Alamiedy},
  title     = {Hybrid rule-based botnet detection approach using machine learning
               for analysing {DNS} traffic},
  journal   = {PeerJ Comput. Sci.},
  volume    = {7},
  pages     = {e640},
  year      = {2021},
  url       = {https://doi.org/10.7717/peerj-cs.640},
  doi       = {10.7717/peerj-cs.640},
  timestamp = {Wed, 16 Mar 2022 23:50:47 +0100},
  biburl    = {https://dblp.org/rec/journals/peerj-cs/Al-mashhadiAHA21.bib},
  bibsource = {dblp computer science bibliography, https://dblp.org}
}

@article{DBLP:journals/pervasive/MeidanBMMSBE18,
  author    = {Yair Meidan and
               Michael Bohadana and
               Yael Mathov and
               Yisroel Mirsky and
               Asaf Shabtai and
               Dominik Breitenbacher and
               Yuval Elovici},
  title     = {N-BaIoT - Network-Based Detection of IoT Botnet Attacks Using Deep
               Autoencoders},
  journal   = {{IEEE} Pervasive Comput.},
  volume    = {17},
  number    = {3},
  pages     = {12--22},
  year      = {2018},
  url       = {https://doi.org/10.1109/MPRV.2018.03367731},
  doi       = {10.1109/MPRV.2018.03367731},
  timestamp = {Tue, 16 Aug 2022 23:07:33 +0200},
  biburl    = {https://dblp.org/rec/journals/pervasive/MeidanBMMSBE18.bib},
  bibsource = {dblp computer science bibliography, https://dblp.org}
}

@article{DBLP:journals/scn/DonnoDGS18,
  author    = {Michele De Donno and
               Nicola Dragoni and
               Alberto Giaretta and
               Angelo Spognardi},
  title     = {DDoS-Capable IoT Malwares: Comparative Analysis and Mirai Investigation},
  journal   = {Secur. Commun. Networks},
  volume    = {2018},
  pages     = {7178164:1--7178164:30},
  year      = {2018},
  url       = {https://doi.org/10.1155/2018/7178164},
  doi       = {10.1155/2018/7178164},
  timestamp = {Thu, 10 Sep 2020 14:41:23 +0200},
  biburl    = {https://dblp.org/rec/journals/scn/DonnoDGS18.bib},
  bibsource = {dblp computer science bibliography, https://dblp.org}
}

@article{DBLP:journals/scn/GarciaZC14,
  author    = {Sebasti{\'{a}}n Garc{\'{\i}}a and
               Alejandro Zunino and
               Marcelo Campo},
  title     = {Survey on network-based botnet detection methods},
  journal   = {Secur. Commun. Networks},
  volume    = {7},
  number    = {5},
  pages     = {878--903},
  year      = {2014},
  url       = {https://doi.org/10.1002/sec.800},
  doi       = {10.1002/sec.800},
  timestamp = {Tue, 21 Mar 2023 21:09:59 +0100},
  biburl    = {https://dblp.org/rec/journals/scn/GarciaZC14.bib},
  bibsource = {dblp computer science bibliography, https://dblp.org}
}

@article{DBLP:journals/tdsc/WangSZ10,
  author    = {Ping Wang and
               Sherri Sparks and
               Cliff Changchun Zou},
  title     = {An Advanced Hybrid Peer-to-Peer Botnet},
  journal   = {{IEEE} Trans. Dependable Secur. Comput.},
  volume    = {7},
  number    = {2},
  pages     = {113--127},
  year      = {2010},
  url       = {https://doi.org/10.1109/TDSC.2008.35},
  doi       = {10.1109/TDSC.2008.35},
  timestamp = {Thu, 09 Apr 2020 17:08:07 +0200},
  biburl    = {https://dblp.org/rec/journals/tdsc/WangSZ10.bib},
  bibsource = {dblp computer science bibliography, https://dblp.org}
}

@inproceedings{Diaconescu2018HIDENSEEKAA,
  title  = {HIDEâ€™Nâ€™SEEK: AN ADAPTIVE PEER-TO-PEER IOT BOTNET},
  author = {Diaconescu, Vladimir and Sendroiu, Adrian},
  year   = {2018},
  month  = {October},
  note   = {\href{https://www.virusbulletin.com/uploads/pdf/magazine/2018/VB2018-Sendroiu-Diaconescu.pdf}{[CrossRef]}, last accessed: 2023-07-30}
}

@article{jcp2010006,
  author  = {Owen, Harry and Zarrin, Javad and Pour, Shahrzad M.},
  title   = {A Survey on Botnets, Issues, Threats, Methods, Detection and Prevention},
  journal = {Journal of Cybersecurity and Privacy},
  volume  = {2},
  year    = {2022},
  number  = {1},
  pages   = {74--88},
  url     = {https://www.mdpi.com/2624-800X/2/1/6},
  issn    = {2624-800X},
  doi     = {10.3390/jcp2010006}
}

@article{Novkovic_Lukac_Jovanovic_Kastelan_2020,
  title        = {Graphic Library Optimization for MIPS Architecture},
  volume       = {26},
  url          = {https://eejournal.ktu.lt/index.php/elt/article/view/25871},
  doi          = {10.5755/j01.eie.26.2.25871},
  number       = {2},
  journal      = {Elektronika ir Elektrotechnika},
  author       = {Novkovic, Teodora and Lukac, Zeljko and Jovanovic, Petar and Kastelan, Ivan},
  year         = {2020},
  month        = {Apr.},
  pages        = {69-76}
}

@inproceedings{Prokofiev_2019,
  author = {Prokofiev, Anton and Smirnova, Yulia},
  year   = {2019},
  month  = {01},
  pages  = {301-305},
  title  = {Counteraction against Internet of Things Botnets in Private Networks},
  doi    = {10.1109/EIConRus.2019.8657100}
}

@dataset{sebastian_garcia_2020_4743746,
  author    = {Sebastian Garcia and
               Agustin Parmisano and
               Maria Jose Erquiaga},
  title     = {{IoT-23: A labeled dataset with malicious and 
               benign IoT network traffic}},
  month     = jan,
  year      = 2020,
  note      = {{More details here https://www.stratosphereips.org 
               /datasets-iot23}},
  publisher = {Zenodo},
  version   = {1.0.0},
  doi       = {10.5281/zenodo.4743746},
  url       = {https://doi.org/10.5281/zenodo.4743746}
}

@article{sharma_2022,
  author = {Sharma, Rahul and Khyati and Singh, Harshit and Joshi, Chirag},
  year   = {2022},
  month  = {11},
  pages  = {26},
  title  = {A Study On IoT - Botnet Detection Techniques},
  volume = {5}
}

@article{Wazzan2021InternetOT,
  author         = {Wazzan, Majda and Algazzawi, Daniyal and Bamasaq, Omaima and Albeshri, Aiiad and Cheng, Li},
  title          = {Internet of Things Botnet Detection Approaches: Analysis and Recommendations for Future Research},
  journal        = {Applied Sciences},
  volume         = {11},
  year           = {2021},
  number         = {12},
  article-number = {5713},
  url            = {https://www.mdpi.com/2076-3417/11/12/5713},
  issn           = {2076-3417},
  doi            = {10.3390/app11125713}
}

@article{Xing2021SurveyOB,
  title   = {Survey on Botnet Detection Techniques: Classification, Methods, and Evaluation},
  author  = {Ying Xing and Hui Shu and Hao Zhao and Dannong Li and Li Guo},
  journal = {Mathematical Problems in Engineering},
  year    = {2021},
  volume  = {2021},
  pages   = {1-24}
}

@article{Apostol_2021, 
title={IoT Botnet Anomaly Detection Using Unsupervised Deep Learning}, 
volume={10}, 
ISSN={2079-9292}, 
url={http://dx.doi.org/10.3390/electronics10161876}, 
DOI={10.3390/electronics10161876}, 
number={16}, 
journal={Electronics}, 
publisher={MDPI AG}, 
author={Apostol, Ioana and Preda, Marius and Nila, Constantin and Bica, Ion}, 
year={2021}, 
month={Aug}, 
pages={1876} 
}

@article{DBLP:journals/corr/abs-2108-02287,
  author       = {Javier Franco and
                  Ahmet Aris and
                  Berk Canberk and
                  A. Selcuk Uluagac},
  title        = {A Survey of Honeypots and Honeynets for Internet of Things, Industrial
                  Internet of Things, and Cyber-Physical Systems},
  journal      = {CoRR},
  volume       = {abs/2108.02287},
  year         = {2021},
  url          = {https://arxiv.org/abs/2108.02287},
  eprinttype    = {arXiv},
  eprint       = {2108.02287},
  timestamp    = {Wed, 11 Aug 2021 15:24:08 +0200},
  biburl       = {https://dblp.org/rec/journals/corr/abs-2108-02287.bib},
  bibsource    = {dblp computer science bibliography, https://dblp.org}
}

@inproceedings{huang2003efficient,
  title={An efficient implementation of max tree with linked list and hash table},
  author={Huang, Xiaoqiang and Fisher, Mark and Smith, Dan},
  booktitle={DICTA},
  year={2003}
}

@article{herve_2022,
author = {Bourlard, HervÃ© and Kabil, Selen},
year = {2022},
month = {08},
pages = {},
title = {Autoencoders reloaded},
volume = {116},
journal = {Biological Cybernetics},
doi = {10.1007/s00422-022-00937-6}
}

@inproceedings{Prokofiev_2018,
author = {Prokofiev, Anton and Smirnova, Yulia and Surov, Vasiliy},
year = {2018},
month = {01},
pages = {105-108},
title = {A method to detect Internet of Things botnets},
doi = {10.1109/EIConRus.2018.8317041}
}

@article{BNCSS113,
	author = {Yan Soe and Yaokai Feng and Paulus Santosa and Rudy Hartanto and Kouichi Sakurai},
	title = {Rule Generation for Signature Based Detection Systems of Cyber Attacks in IoT Environments},
	journal = {Bulletin of Networking, Computing, Systems, and Software},
	volume = {8},
	number = {2},
	year = {2019},
	issn = {2186-5140},	
    pages = {93--97},	
    url = {http://w.bncss.org/index.php/bncss/article/view/113}
}

@article{DBLP:journals/fgcs/KoroniotisMST19,
  author       = {Nickolaos Koroniotis and
                  Nour Moustafa and
                  Elena Sitnikova and
                  Benjamin P. Turnbull},
  title        = {Towards the development of realistic botnet dataset in the Internet
                  of Things for network forensic analytics: Bot-IoT dataset},
  journal      = {Future Gener. Comput. Syst.},
  volume       = {100},
  pages        = {779--796},
  year         = {2019},
  url          = {https://doi.org/10.1016/j.future.2019.05.041},
  doi          = {10.1016/j.future.2019.05.041},
  timestamp    = {Sun, 02 Oct 2022 15:35:19 +0200},
  biburl       = {https://dblp.org/rec/journals/fgcs/KoroniotisMST19.bib},
  bibsource    = {dblp computer science bibliography, https://dblp.org}
}

@article{Ashari_2013,
author = {Ashari, Ahmad and Paryudi, Iman and Tjoa, A Min},
year = {2013},
month = {12},
pages = {},
title = {Performance Comparison between NaÃ¯ve Bayes, Decision Tree and k-Nearest Neighbor in Searching Alternative Design in an Energy Simulation Tool},
volume = {4},
journal = {International Journal of Advanced Computer Science and Applications},
doi = {10.14569/IJACSA.2013.041105}
}

@article{DBLP:journals/di/AbbasHSZ21,
  author       = {Syed Ghazanfar Abbas and
                  Fabiha Hashmat and
                  Ghalib A. Shah and
                  Kashif Zafar},
  title        = {Generic signature development for IoT Botnet families},
  journal      = {Digit. Investig.},
  volume       = {38},
  pages        = {301224},
  year         = {2021},
  url          = {https://doi.org/10.1016/j.fsidi.2021.301224},
  doi          = {10.1016/j.fsidi.2021.301224},
  timestamp    = {Wed, 15 Dec 2021 10:25:22 +0100},
  biburl       = {https://dblp.org/rec/journals/di/AbbasHSZ21.bib},
  bibsource    = {dblp computer science bibliography, https://dblp.org}
}


@article{electronics8111210,
AUTHOR = {Khraisat, Ansam and Gondal, Iqbal and Vamplew, Peter and Kamruzzaman, Joarder and Alazab, Ammar},
TITLE = {A Novel Ensemble of Hybrid Intrusion Detection System for Detecting Internet of Things Attacks},
JOURNAL = {Electronics},
VOLUME = {8},
YEAR = {2019},
NUMBER = {11},
ARTICLE-NUMBER = {1210},
URL = {https://www.mdpi.com/2079-9292/8/11/1210},
ISSN = {2079-9292},
DOI = {10.3390/electronics8111210}
}

@article{DBLP:journals/corr/abs-2305-06430,
  author       = {Chongqi Guan and
                  Heting Liu and
                  Guohong Cao and
                  Sencun Zhu and
                  Thomas La Porta},
  title        = {HoneyIoT: Adaptive High-Interaction Honeypot for IoT Devices Through
                  Reinforcement Learning},
  journal      = {CoRR},
  volume       = {abs/2305.06430},
  year         = {2023},
  url          = {https://doi.org/10.48550/arXiv.2305.06430},
  doi          = {10.48550/arXiv.2305.06430},
  eprinttype    = {arXiv},
  eprint       = {2305.06430},
  timestamp    = {Tue, 16 May 2023 18:32:51 +0200},
  biburl       = {https://dblp.org/rec/journals/corr/abs-2305-06430.bib},
  bibsource    = {dblp computer science bibliography, https://dblp.org}
}

@inproceedings{DBLP:conf/sigcomm/MetongnonS18,
  author       = {Lionel Metongnon and
                  Ramin Sadre},
  editor       = {Maciej Korczynski and
                  Wojciech Mazurczyk and
                  Pedro Casas},
  title        = {Beyond Telnet: Prevalence of IoT Protocols in Telescope and Honeypot
                  Measurements},
  booktitle    = {Proceedings of the 2018 Workshop on Traffic Measurements for Cybersecurity,
                  WTMC@SIGCOMM 2018, Budapest, Hungary, August 20, 2018},
  pages        = {21--26},
  publisher    = {{ACM}},
  year         = {2018},
  url          = {https://doi.org/10.1145/3229598.3229604},
  doi          = {10.1145/3229598.3229604},
  timestamp    = {Wed, 21 Nov 2018 12:44:03 +0100},
  biburl       = {https://dblp.org/rec/conf/sigcomm/MetongnonS18.bib},
  bibsource    = {dblp computer science bibliography, https://dblp.org}
}

@article{DBLP:journals/jip/PaSYMKR16,
  author       = {Yin Minn Pa Pa and
                  Shogo Suzuki and
                  Katsunari Yoshioka and
                  Tsutomu Matsumoto and
                  Takahiro Kasama and
                  Christian Rossow},
  title        = {IoTPOT: {A} Novel Honeypot for Revealing Current IoT Threats},
  journal      = {J. Inf. Process.},
  volume       = {24},
  number       = {3},
  pages        = {522--533},
  year         = {2016},
  url          = {https://doi.org/10.2197/ipsjjip.24.522},
  doi          = {10.2197/ipsjjip.24.522},
  timestamp    = {Tue, 16 Feb 2021 15:57:39 +0100},
  biburl       = {https://dblp.org/rec/journals/jip/PaSYMKR16.bib},
  bibsource    = {dblp computer science bibliography, https://dblp.org}
}

@inproceedings{Srinivasa_2021,
author = {Srinivasa, Shreyas and Pedersen, Jens and Vasilomanolakis, Emmanouil},
year = {2021},
month = {10},
pages = {},
title = {RIoTPot: a modular hybrid-interaction IoT/OT honeypot}
}

@inproceedings{DBLP:conf/acsac/SrinivasaPV22,
  author       = {Shreyas Srinivasa and
                  Jens Myrup Pedersen and
                  Emmanouil Vasilomanolakis},
  title        = {Interaction matters: a comprehensive analysis and a dataset of hybrid
                  IoT/OT honeypots},
  booktitle    = {Annual Computer Security Applications Conference, {ACSAC} 2022, Austin,
                  TX, USA, December 5-9, 2022},
  pages        = {742--755},
  publisher    = {{ACM}},
  year         = {2022},
  url          = {https://doi.org/10.1145/3564625.3564645},
  doi          = {10.1145/3564625.3564645},
  timestamp    = {Sun, 25 Dec 2022 14:02:34 +0100},
  biburl       = {https://dblp.org/rec/conf/acsac/SrinivasaPV22.bib},
  bibsource    = {dblp computer science bibliography, https://dblp.org}
}

@incollection{SANDERS2014317,
title = {Chapter 12 - Using Canary Honeypots for Detection},
editor = {Chris Sanders and Jason Smith},
booktitle = {Applied Network Security Monitoring},
publisher = {Syngress},
address = {Boston},
pages = {317-338},
year = {2014},
isbn = {978-0-12-417208-1},
doi = {https://doi.org/10.1016/B978-0-12-417208-1.00012-X},
url = {https://www.sciencedirect.com/science/article/pii/B978012417208100012X},
author = {Chris Sanders and Jason Smith},
keywords = {Network Security Monitoring, Detection, Intrusion Detection System, IDS, NIDS, Detection, Honeypot, Kippo, Honeydoc, Honeyd, Tomâ€™s Honeypot, LaBrea}
}

@inproceedings{DBLP:conf/iccst/SethiaJ19,
  author       = {Vasu Sethia and
                  A. Jeyasekar},
  editor       = {Gordon L. Thomas and
                  Mala John},
  title        = {Malware Capturing and Analysis using Dionaea Honeypot},
  booktitle    = {2019 International Carnahan Conference on Security Technology, {ICCST}
                  2019, Chennai, India, October 1-3, 2019},
  pages        = {1--4},
  publisher    = {{IEEE}},
  year         = {2019},
  url          = {https://doi.org/10.1109/CCST.2019.8888409},
  doi          = {10.1109/CCST.2019.8888409},
  timestamp    = {Sat, 09 Apr 2022 12:47:38 +0200},
  biburl       = {https://dblp.org/rec/conf/iccst/SethiaJ19.bib},
  bibsource    = {dblp computer science bibliography, https://dblp.org}
}

@book{DBLP:series/txcs/Kizza20,
  author       = {Joseph Migga Kizza},
  title        = {Guide to Computer Network Security, 5th Edition},
  series       = {Texts in Computer Science},
  publisher    = {Springer},
  year         = {2020},
  url          = {https://doi.org/10.1007/978-3-030-38141-7},
  doi          = {10.1007/978-3-030-38141-7},
  isbn         = {978-3-030-38140-0},
  timestamp    = {Mon, 15 Jun 2020 09:27:52 +0200},
  biburl       = {https://dblp.org/rec/series/txcs/Kizza20.bib},
  bibsource    = {dblp computer science bibliography, https://dblp.org}
}

@book{DBLP:series/isc/Oorschot21,
  author       = {Paul C. van Oorschot},
  title        = {Computer Security and the Internet - Tools and Jewels from Malware
                  to Bitcoin, Second Edition},
  series       = {Information Security and Cryptography},
  publisher    = {Springer},
  year         = {2021},
  url          = {https://doi.org/10.1007/978-3-030-83411-1},
  doi          = {10.1007/978-3-030-83411-1},
  isbn         = {978-3-030-83410-4},
  timestamp    = {Mon, 25 Oct 2021 18:04:07 +0200},
  biburl       = {https://dblp.org/rec/series/isc/Oorschot21.bib},
  bibsource    = {dblp computer science bibliography, https://dblp.org}
}

@incollection{SCHILLER200729,
title = {Chapter 2 - Botnets Overview},
editor = {Craig A. Schiller and Jim Binkley and David Harley and Gadi Evron and Tony Bradley and Carsten Willems and Michael Cross},
booktitle = {Botnets},
publisher = {Syngress},
address = {Burlington},
pages = {29-75},
year = {2007},
isbn = {978-1-59749-135-8},
doi = {https://doi.org/10.1016/B978-159749135-8/50004-4},
url = {https://www.sciencedirect.com/science/article/pii/B9781597491358500044},
author = {Craig A. Schiller and Jim Binkley and David Harley and Gadi Evron and Tony Bradley and Carsten Willems and Michael Cross}
}

@incollection{dange2019iot,
  title={IoT botnet: The largest threat to the IoT network},
  author={Dange, Smita and Chatterjee, Madhumita},
  booktitle={Data Communication and Networks: Proceedings of GUCON 2019},
  pages={137--157},
  year={2019},
  publisher={Springer}
}

@article{DBLP:journals/di/ZhangUBC20,
  author       = {Xiaolu Zhang and
                  Oren Upton and
                  Nicole Lang Beebe and
                  Kim{-}Kwang Raymond Choo},
  title        = {IoT Botnet Forensics: {A} Comprehensive Digital Forensic Case Study
                  on Mirai Botnet Servers},
  journal      = {Digit. Investig.},
  volume       = {32 Supplement},
  pages        = {300926},
  year         = {2020},
  url          = {https://doi.org/10.1016/j.fsidi.2020.300926},
  doi          = {10.1016/J.FSIDI.2020.300926},
  timestamp    = {Mon, 03 Jan 2022 21:53:28 +0100},
  biburl       = {https://dblp.org/rec/journals/di/ZhangUBC20.bib},
  bibsource    = {dblp computer science bibliography, https://dblp.org}
}

@inproceedings{DBLP:conf/iscc/MarzanoAFFHSCCG18,
  author       = {Artur Marzano and
                  David Alexander and
                  Osvaldo L. H. M. Fonseca and
                  Elverton C. Fazzion and
                  Cristine Hoepers and
                  Klaus Steding{-}Jessen and
                  Marcelo H. P. C. Chaves and
                  {\'{I}}talo S. Cunha and
                  Dorgival O. Guedes and
                  Wagner Meira Jr.},
  title        = {The Evolution of Bashlite and Mirai IoT Botnets},
  booktitle    = {2018 {IEEE} Symposium on Computers and Communications, {ISCC} 2018,
                  Natal, Brazil, June 25-28, 2018},
  pages        = {813--818},
  publisher    = {{IEEE}},
  year         = {2018},
  url          = {https://doi.org/10.1109/ISCC.2018.8538636},
  doi          = {10.1109/ISCC.2018.8538636},
  timestamp    = {Fri, 24 Mar 2023 00:03:15 +0100},
  biburl       = {https://dblp.org/rec/conf/iscc/MarzanoAFFHSCCG18.bib},
  bibsource    = {dblp computer science bibliography, https://dblp.org}
}

@inproceedings{DBLP:conf/iccda/WainwrightK19,
  author       = {Polly Wainwright and
                  Houssain Kettani},
  title        = {An Analysis of Botnet Models},
  booktitle    = {Proceedings of the 3rd International Conference on Compute and Data
                  Analysis, {ICCDA} 2019, Kahului, HI, USA, March 14-17, 2019},
  pages        = {116--121},
  publisher    = {{ACM}},
  year         = {2019},
  url          = {https://doi.org/10.1145/3314545.3314562},
  doi          = {10.1145/3314545.3314562},
  timestamp    = {Wed, 03 Jun 2020 19:14:48 +0200},
  biburl       = {https://dblp.org/rec/conf/iccda/WainwrightK19.bib},
  bibsource    = {dblp computer science bibliography, https://dblp.org}
}



























































